<?xml version="1.0" encoding="UTF-8"?>
  <record xmlns="http://www.loc.gov/MARC21/slim" type="Authority">
    <leader>00000nz  a2200000nc 4500</leader>
    <controlfield tag="001">041217888</controlfield>
    <controlfield tag="003">DE-101</controlfield>
    <controlfield tag="005">20210421003113.0</controlfield>
    <controlfield tag="008">880701n||azznnaabn           | ana    |c</controlfield>
    <datafield tag="024" ind1="7" ind2=" ">
      <subfield code="a">4121788-3</subfield>
      <subfield code="0">http://d-nb.info/gnd/4121788-3</subfield>
      <subfield code="2">gnd</subfield>
    </datafield>
    <datafield tag="035" ind1=" " ind2=" ">
      <subfield code="a">(DE-101)041217888</subfield>
    </datafield>
    <datafield tag="035" ind1=" " ind2=" ">
      <subfield code="a">(DE-588)4121788-3</subfield>
    </datafield>
    <datafield tag="035" ind1=" " ind2=" ">
      <subfield code="z">(DE-588)1092237844</subfield>
    </datafield>
    <datafield tag="035" ind1=" " ind2=" ">
      <subfield code="z">(DE-588)109182505X</subfield>
    </datafield>
    <datafield tag="035" ind1=" " ind2=" ">
      <subfield code="z">(DE-588)1086079337</subfield>
    </datafield>
    <datafield tag="035" ind1=" " ind2=" ">
      <subfield code="z">(DE-588)2035546-4</subfield>
    </datafield>
    <datafield tag="035" ind1=" " ind2=" ">
      <subfield code="z">(DE-588b)2035546-4</subfield>
      <subfield code="9">v:zg</subfield>
    </datafield>
    <datafield tag="035" ind1=" " ind2=" ">
      <subfield code="z">(DE-588c)4121788-3</subfield>
      <subfield code="9">v:zg</subfield>
    </datafield>
    <datafield tag="040" ind1=" " ind2=" ">
      <subfield code="a">DE-101</subfield>
      <subfield code="c">DE-101</subfield>
      <subfield code="9">r:DE-384</subfield>
      <subfield code="b">ger</subfield>
      <subfield code="d">9999</subfield>
      <subfield code="e">rda</subfield>
    </datafield>
    <datafield tag="042" ind1=" " ind2=" ">
      <subfield code="a">gnd1</subfield>
    </datafield>
    <datafield tag="043" ind1=" " ind2=" ">
      <subfield code="c">XA-IT-32</subfield>
      <subfield code="c">XA-VA</subfield>
    </datafield>
    <datafield tag="065" ind1=" " ind2=" ">
      <subfield code="a">3.3c</subfield>
      <subfield code="2">sswd</subfield>
    </datafield>
    <datafield tag="065" ind1=" " ind2=" ">
      <subfield code="a">3.6a</subfield>
      <subfield code="2">sswd</subfield>
    </datafield>
    <datafield tag="075" ind1=" " ind2=" ">
      <subfield code="b">f</subfield>
      <subfield code="2">gndgen</subfield>
    </datafield>
    <datafield tag="075" ind1=" " ind2=" ">
      <subfield code="b">vie</subfield>
      <subfield code="2">gndspec</subfield>
    </datafield>
    <datafield tag="079" ind1=" " ind2=" ">
      <subfield code="a">g</subfield>
      <subfield code="q">s</subfield>
      <subfield code="q">f</subfield>
      <subfield code="u">w</subfield>
      <subfield code="u">z</subfield>
      <subfield code="u">v</subfield>
      <subfield code="u">o</subfield>
    </datafield>
    <datafield tag="111" ind1="2" ind2=" ">
      <subfield code="a">Tridentinum</subfield>
      <subfield code="d">1545-1563</subfield>
      <subfield code="c">Trient</subfield>
    </datafield>
    <datafield tag="411" ind1="2" ind2=" ">
      <subfield code="a">Concilium Tridentinum</subfield>
      <subfield code="d">1545-1563</subfield>
      <subfield code="c">Trient</subfield>
    </datafield>
    <datafield tag="411" ind1="2" ind2=" ">
      <subfield code="a">Trienter Konzil</subfield>
      <subfield code="d">1545-1563</subfield>
      <subfield code="c">Trient</subfield>
    </datafield>
    <datafield tag="411" ind1="2" ind2=" ">
      <subfield code="a">Tridentinisches Konzil</subfield>
      <subfield code="d">1545-1563</subfield>
      <subfield code="c">Trient</subfield>
    </datafield>
    <datafield tag="411" ind1="2" ind2=" ">
      <subfield code="a">Konzil von Trient</subfield>
      <subfield code="d">1545-1563</subfield>
      <subfield code="c">Trient</subfield>
    </datafield>
    <datafield tag="411" ind1="2" ind2=" ">
      <subfield code="a">Concil von Trient</subfield>
      <subfield code="d">1545-1563</subfield>
      <subfield code="c">Trient</subfield>
    </datafield>
    <datafield tag="411" ind1="2" ind2=" ">
      <subfield code="a">Concilio Tridentino</subfield>
      <subfield code="d">1545-1563</subfield>
      <subfield code="c">Trient</subfield>
    </datafield>
    <datafield tag="411" ind1="2" ind2=" ">
      <subfield code="a">Trenton Kirkolliskokous</subfield>
      <subfield code="d">1545-1563</subfield>
      <subfield code="c">Trient</subfield>
    </datafield>
    <datafield tag="411" ind1="2" ind2=" ">
      <subfield code="a">Trenton Konsiili</subfield>
      <subfield code="d">1545-1563</subfield>
      <subfield code="c">Trient</subfield>
    </datafield>
    <datafield tag="411" ind1="2" ind2=" ">
      <subfield code="a">Konzil</subfield>
      <subfield code="d">1545-1563</subfield>
      <subfield code="c">Trient</subfield>
    </datafield>
    <datafield tag="411" ind1="2" ind2=" ">
      <subfield code="a">Concili</subfield>
      <subfield code="d">1545-1563</subfield>
      <subfield code="c">Trient</subfield>
    </datafield>
    <datafield tag="411" ind1="2" ind2=" ">
      <subfield code="a">Concilie</subfield>
      <subfield code="d">1545-1563</subfield>
      <subfield code="c">Trient</subfield>
    </datafield>
    <datafield tag="411" ind1="2" ind2=" ">
      <subfield code="a">Concile</subfield>
      <subfield code="d">1545-1563</subfield>
      <subfield code="c">Trient</subfield>
    </datafield>
    <datafield tag="411" ind1="2" ind2=" ">
      <subfield code="a">Konsiili</subfield>
      <subfield code="d">1545-1563</subfield>
      <subfield code="c">Trient</subfield>
    </datafield>
    <datafield tag="411" ind1="2" ind2=" ">
      <subfield code="a">Kirkolliskokous</subfield>
      <subfield code="d">1545-1563</subfield>
      <subfield code="c">Trient</subfield>
    </datafield>
    <datafield tag="411" ind1="2" ind2=" ">
      <subfield code="a">Ecclesia Catholica</subfield>
      <subfield code="e">Concilium Tridentinum</subfield>
      <subfield code="d">1545-1563</subfield>
      <subfield code="c">Trient</subfield>
    </datafield>
    <datafield tag="411" ind1="2" ind2=" ">
      <subfield code="a">Katholische Kirche</subfield>
      <subfield code="e">Konzil von Trient</subfield>
      <subfield code="d">1545-1563</subfield>
      <subfield code="c">Trient</subfield>
    </datafield>
    <datafield tag="411" ind1="2" ind2=" ">
      <subfield code="a">Council of Trent</subfield>
      <subfield code="d">1545-1563</subfield>
      <subfield code="c">Trient</subfield>
    </datafield>
    <datafield tag="510" ind1="2" ind2=" ">
      <subfield code="0">(DE-101)004691792</subfield>
      <subfield code="0">(DE-588)2009545-4</subfield>
      <subfield code="0">https://d-nb.info/gnd/2009545-4</subfield>
      <subfield code="a">Katholische Kirche</subfield>
      <subfield code="4">vera</subfield>
      <subfield code="4">https://d-nb.info/standards/elementset/gnd#organizerOrHost</subfield>
      <subfield code="w">r</subfield>
      <subfield code="i">Veranstalter</subfield>
      <subfield code="e">Veranstalter</subfield>
    </datafield>
    <datafield tag="548" ind1=" " ind2=" ">
      <subfield code="a">1545-1563</subfield>
      <subfield code="4">datv</subfield>
      <subfield code="4">https://d-nb.info/standards/elementset/gnd#dateOfConferenceOrEvent</subfield>
      <subfield code="w">r</subfield>
      <subfield code="i">Veranstaltungsdaten</subfield>
    </datafield>
    <datafield tag="550" ind1=" " ind2=" ">
      <subfield code="0">(DE-101)040323684</subfield>
      <subfield code="0">(DE-588)4032368-7</subfield>
      <subfield code="0">https://d-nb.info/gnd/4032368-7</subfield>
      <subfield code="a">Konzil</subfield>
      <subfield code="4">obin</subfield>
      <subfield code="4">https://d-nb.info/standards/elementset/gnd#broaderTermInstantial</subfield>
      <subfield code="w">r</subfield>
      <subfield code="i">Oberbegriff instantiell</subfield>
    </datafield>
    <datafield tag="551" ind1=" " ind2=" ">
      <subfield code="0">(DE-101)040784053</subfield>
      <subfield code="0">(DE-588)4078405-8</subfield>
      <subfield code="0">https://d-nb.info/gnd/4078405-8</subfield>
      <subfield code="a">Trient</subfield>
      <subfield code="4">ortv</subfield>
      <subfield code="4">https://d-nb.info/standards/elementset/gnd#placeOfConferenceOrEvent</subfield>
      <subfield code="w">r</subfield>
      <subfield code="i">Veranstaltungsort</subfield>
    </datafield>
    <datafield tag="551" ind1=" " ind2=" ">
      <subfield code="0">(DE-101)040278336</subfield>
      <subfield code="0">(DE-588)4027833-5</subfield>
      <subfield code="0">https://d-nb.info/gnd/4027833-5</subfield>
      <subfield code="a">Italien</subfield>
      <subfield code="4">geow</subfield>
      <subfield code="4">https://d-nb.info/standards/elementset/gnd#spatialAreaOfActivity</subfield>
      <subfield code="w">r</subfield>
      <subfield code="i">Wirkungsraum</subfield>
    </datafield>
    <datafield tag="670" ind1=" " ind2=" ">
      <subfield code="a">B 1986</subfield>
    </datafield>
    <datafield tag="913" ind1=" " ind2=" ">
      <subfield code="S">swd</subfield>
      <subfield code="i">k</subfield>
      <subfield code="a">Tridentinum</subfield>
      <subfield code="0">(DE-588c)4121788-3</subfield>
    </datafield>
    <datafield tag="913" ind1=" " ind2=" ">
      <subfield code="S">gkd</subfield>
      <subfield code="i">a</subfield>
      <subfield code="a">Concilium Tridentinum &lt;1545 - 1563&gt;</subfield>
      <subfield code="0">(DE-588b)2035546-4</subfield>
    </datafield>
  </record>
